JournalCode	JournalLib	EcritureNum	EcritureDate	CompteNum	CompteLib	CompAuxNum	CompAuxLib	PieceRef	PieceDate	EcritureLib	Debit	Credit	EcritureLet	DateLet	ValidDate	Montantdevise	Idevise
ACH	ACHATS	TEST_MONTANT_DEVISE	20180808	62270000	FRAIS D'ACTES ET CONTENTIEUX			1	20180808	ACOMPTE FORMALITES ENTREPRISE	100,50	0,00			20190725	100,50	xxx
ACH	ACHATS	TEST_MONTANT_DEVISE	20180808	62270000	FRAIS D'ACTES ET CONTENTIEUX			1	20180808	ACOMPTE FORMALITES ENTREPRISE	100,50	0,00			20190725	100,50	xxx
ACH	ACHATS	TEST_MONTANT_DEVISE	20180808	44566000	TVA SUR AUTRES BIEN ET SERVICE			1	20180808	ACOMPTE FORMALITES ENTREPRISE	0	201,00			20190725	201,00	xxx
